<?xml version="1.0" encoding="Windows-1252" standalone="no"?>
<AuditFile xmlns="urn:OECD:StandardAuditFile-Tax:PT_1.04_01" xmlns:xsi="http://www.w3.org/2001/XMLSchema-instance" xsi:schemaLocation="urn:OECD:StandardAuditFile-Tax:PT_1.04_01 ../schemas/SAF-T.xsd" xmlns:doc="urn:schemas-basda-org:schema-extensions:documentation">
	<Header>
		<AuditFileVersion>1.04_01</AuditFileVersion>
		<CompanyID>Porto 503630330</CompanyID>
		<TaxRegistrationNumber>503630330</TaxRegistrationNumber>
		<TaxAccountingBasis>I</TaxAccountingBasis>
		<CompanyName>Cherry Computer, Inc.</CompanyName>
		<CompanyAddress>
			<BuildingNumber>406</BuildingNumber>
			<StreetName>Rua da Restauracao</StreetName>
			<AddressDetail>Rua da Restauracao, 406</AddressDetail>
			<City>Porto</City>
			<PostalCode>4050-023</PostalCode>
			<Region>Porto</Region>
			<Country>PT</Country>
		</CompanyAddress>
		<FiscalYear>2019</FiscalYear>
		<StartDate>2019-01-01</StartDate>
		<EndDate>2019-12-31</EndDate>
		<CurrencyCode>EUR</CurrencyCode>
		<DateCreated>2019-06-04</DateCreated>
		<TaxEntity>Sede</TaxEntity>
		<ProductCompanyTaxID>503140600</ProductCompanyTaxID>
		<SoftwareCertificateNumber>0030</SoftwareCertificateNumber>
		<ProductID>ERP v750/PRIMAVERA Business Software Solutions</ProductID>
		<ProductVersion>09.1507.1039</ProductVersion>
		<Telephone>226006546</Telephone>
		<Email>cherrycomputer@icloud.com</Email>
		<Website>cherrycomputer.pt</Website>
	</Header>
	<MasterFiles>
		<GeneralLedgerAccounts>
			<TaxonomyReference>M</TaxonomyReference>
			<Account>
				<AccountID>13</AccountID>
				<AccountDescription>Outros depósitos bancários</AccountDescription>
				<OpeningDebitBalance>0.00</OpeningDebitBalance>
				<OpeningCreditBalance>0.00</OpeningCreditBalance>
				<ClosingDebitBalance>67860.00</ClosingDebitBalance>
				<ClosingCreditBalance>0.00</ClosingCreditBalance>
				<GroupingCategory>GR</GroupingCategory>
			</Account>
			<Account>
				<AccountID>131</AccountID>
				<AccountDescription>Outros depósitos bancários</AccountDescription>
				<OpeningDebitBalance>0.00</OpeningDebitBalance>
				<OpeningCreditBalance>0.00</OpeningCreditBalance>
				<ClosingDebitBalance>67860.00</ClosingDebitBalance>
				<ClosingCreditBalance>0.00</ClosingCreditBalance>
				<GroupingCategory>GM</GroupingCategory>
				<GroupingCode>13</GroupingCode>
				<TaxonomyCode>3</TaxonomyCode>
			</Account>
			<Account>
				<AccountID>22</AccountID>
				<AccountDescription>Fornecedores</AccountDescription>
				<OpeningDebitBalance>0.00</OpeningDebitBalance>
				<OpeningCreditBalance>0.00</OpeningCreditBalance>
				<ClosingDebitBalance>0.00</ClosingDebitBalance>
				<ClosingCreditBalance>67860.00</ClosingCreditBalance>
				<GroupingCategory>GR</GroupingCategory>
			</Account>
			<Account>
				<AccountID>221</AccountID>
				<AccountDescription>Fornecedores c/c</AccountDescription>
				<OpeningDebitBalance>0.00</OpeningDebitBalance>
				<OpeningCreditBalance>0.00</OpeningCreditBalance>
				<ClosingDebitBalance>0.00</ClosingDebitBalance>
				<ClosingCreditBalance>67860.00</ClosingCreditBalance>
				<GroupingCategory>GA</GroupingCategory>
				<GroupingCode>22</GroupingCode>
			</Account>
			<Account>
				<AccountID>22130002</AccountID>
				<AccountDescription>Apple Inc.</AccountDescription>
				<OpeningDebitBalance>0.00</OpeningDebitBalance>
				<OpeningCreditBalance>0.00</OpeningCreditBalance>
				<ClosingDebitBalance>0.00</ClosingDebitBalance>
				<ClosingCreditBalance>67860.00</ClosingCreditBalance>
				<GroupingCategory>GM</GroupingCategory>
				<GroupingCode>221</GroupingCode>
				<TaxonomyCode>12</TaxonomyCode>
			</Account>
		</GeneralLedgerAccounts>
		<Customer>
			<CustomerID>Consumidor final</CustomerID>
			<AccountID>Desconhecido</AccountID>
			<CustomerTaxID>999999990</CustomerTaxID>
			<CompanyName>Consumidor final</CompanyName>
			<BillingAddress>
				<AddressDetail>Desconhecido</AddressDetail>
				<City>Desconhecido</City>
				<PostalCode>Desconhecido</PostalCode>
				<Country>Desconhecido</Country>
			</BillingAddress>
			<ShipToAddress>
				<AddressDetail>Desconhecido</AddressDetail>
				<City>Desconhecido</City>
				<PostalCode>Desconhecido</PostalCode>
				<Country>Desconhecido</Country>
			</ShipToAddress>
			<SelfBillingIndicator>0</SelfBillingIndicator>
		</Customer>
		<Customer>
			<CustomerID>ES524229770_C</CustomerID>
			<AccountID>21130010</AccountID>
			<CustomerTaxID>524229770</CustomerTaxID>
			<CompanyName>AMAZON ESPANA</CompanyName>
			<BillingAddress>
				<AddressDetail>Calle de Ramirez de Prado, 5</AddressDetail>
				<City>Madrid</City>
				<PostalCode>28045</PostalCode>
				<Region>Madrid</Region>
				<Country>ES</Country>
			</BillingAddress>
			<ShipToAddress>
				<AddressDetail>Calle de Ramirez de Prado, 5</AddressDetail>
				<City>Madrid</City>
				<PostalCode>28045</PostalCode>
				<Region>Madrid</Region>
				<Country>ES</Country>
			</ShipToAddress>
			<Telephone>0034287347669</Telephone>
			<Website>info@amazon.es</Website>
			<SelfBillingIndicator>0</SelfBillingIndicator>
		</Customer>
		<Supplier>
			<SupplierID>508141966_F</SupplierID>
			<AccountID>22110001</AccountID>
			<SupplierTaxID>508141966</SupplierTaxID>
			<CompanyName>APPLE PORTUGAL INC.</CompanyName>
			<BillingAddress>
				<AddressDetail>Rua Sara Afonso</AddressDetail>
				<City>Porto</City>
				<PostalCode>4460841</PostalCode>
				<Country>PT</Country>
			</BillingAddress>
			<ShipFromAddress>
				<AddressDetail>Rua Sara Afonso</AddressDetail>
				<City>Porto</City>
				<PostalCode>4460841</PostalCode>
				<Country>PT</Country>
			</ShipFromAddress>
			<Telephone>00351229571300</Telephone>
			<SelfBillingIndicator>0</SelfBillingIndicator>
		</Supplier>
		<Supplier>
			<SupplierID>555846700_F</SupplierID>
			<AccountID>22130002</AccountID>
			<SupplierTaxID>555846700</SupplierTaxID>
			<CompanyName>APPLE ESPANA INC</CompanyName>
			<BillingAddress>
				<AddressDetail>Plaza de la Puerta del Sol, 1</AddressDetail>
				<City>Madrid</City>
				<PostalCode>28013</PostalCode>
				<Country>ES</Country>
			</BillingAddress>
			<ShipFromAddress>
				<AddressDetail>Plaza de la Puerta del Sol, 1</AddressDetail>
				<City>Madrid</City>
				<PostalCode>28013</PostalCode>
				<Country>ES</Country>
			</ShipFromAddress>
			<Telephone>0034917699100</Telephone>
			<Website>apple.es@icloud.com</Website>
			<SelfBillingIndicator>0</SelfBillingIndicator>
		</Supplier>
		<Product>
			<ProductType>O</ProductType>
			<ProductCode>Especial</ProductCode>
			<ProductGroup>Sem família</ProductGroup>
			<ProductDescription>Linha especial</ProductDescription>
			<ProductNumberCode>Especial</ProductNumberCode>
		</Product>
		<TaxTable>
			<TaxTableEntry>
				<TaxType>IVA</TaxType>
				<TaxCountryRegion>PT</TaxCountryRegion>
				<TaxCode>ISE</TaxCode>
				<Description>Isenta</Description>
				<TaxPercentage>0.00</TaxPercentage>
			</TaxTableEntry>
			<TaxTableEntry>
				<TaxType>IVA</TaxType>
				<TaxCountryRegion>PT</TaxCountryRegion>
				<TaxCode>OUT</TaxCode>
				<Description>Outras</Description>
				<TaxPercentage>4.00</TaxPercentage>
			</TaxTableEntry>
			<TaxTableEntry>
				<TaxType>IVA</TaxType>
				<TaxCountryRegion>PT</TaxCountryRegion>
				<TaxCode>RED</TaxCode>
				<Description>Reduzida</Description>
				<TaxPercentage>5.00</TaxPercentage>
			</TaxTableEntry>
			<TaxTableEntry>
				<TaxType>IVA</TaxType>
				<TaxCountryRegion>PT</TaxCountryRegion>
				<TaxCode>RED</TaxCode>
				<Description>Reduzida</Description>
				<TaxPercentage>6.00</TaxPercentage>
			</TaxTableEntry>
			<TaxTableEntry>
				<TaxType>IVA</TaxType>
				<TaxCountryRegion>PT</TaxCountryRegion>
				<TaxCode>OUT</TaxCode>
				<Description>Outras</Description>
				<TaxPercentage>9.00</TaxPercentage>
			</TaxTableEntry>
			<TaxTableEntry>
				<TaxType>IVA</TaxType>
				<TaxCountryRegion>PT</TaxCountryRegion>
				<TaxCode>INT</TaxCode>
				<Description>Intermédia</Description>
				<TaxPercentage>12.00</TaxPercentage>
			</TaxTableEntry>
			<TaxTableEntry>
				<TaxType>IVA</TaxType>
				<TaxCountryRegion>PT</TaxCountryRegion>
				<TaxCode>INT</TaxCode>
				<Description>Intermédia</Description>
				<TaxPercentage>13.00</TaxPercentage>
			</TaxTableEntry>
			<TaxTableEntry>
				<TaxType>IVA</TaxType>
				<TaxCountryRegion>PT</TaxCountryRegion>
				<TaxCode>OUT</TaxCode>
				<Description>Outras</Description>
				<TaxPercentage>15.00</TaxPercentage>
			</TaxTableEntry>
			<TaxTableEntry>
				<TaxType>IVA</TaxType>
				<TaxCountryRegion>PT</TaxCountryRegion>
				<TaxCode>OUT</TaxCode>
				<Description>Outras</Description>
				<TaxPercentage>22.00</TaxPercentage>
			</TaxTableEntry>
			<TaxTableEntry>
				<TaxType>IVA</TaxType>
				<TaxCountryRegion>PT</TaxCountryRegion>
				<TaxCode>NOR</TaxCode>
				<Description>Normal</Description>
				<TaxPercentage>23.00</TaxPercentage>
			</TaxTableEntry>
			<TaxTableEntry>
				<TaxType>IVA</TaxType>
				<TaxCountryRegion>PT</TaxCountryRegion>
				<TaxCode>OUT</TaxCode>
				<Description>Outras</Description>
				<TaxPercentage>23.00</TaxPercentage>
			</TaxTableEntry>
			<TaxTableEntry>
				<TaxType>IVA</TaxType>
				<TaxCountryRegion>PT-AC</TaxCountryRegion>
				<TaxCode>ISE</TaxCode>
				<Description>Isenta</Description>
				<TaxPercentage>0.00</TaxPercentage>
			</TaxTableEntry>
			<TaxTableEntry>
				<TaxType>IVA</TaxType>
				<TaxCountryRegion>PT-AC</TaxCountryRegion>
				<TaxCode>OUT</TaxCode>
				<Description>Outras</Description>
				<TaxPercentage>4.00</TaxPercentage>
			</TaxTableEntry>
			<TaxTableEntry>
				<TaxType>IVA</TaxType>
				<TaxCountryRegion>PT-AC</TaxCountryRegion>
				<TaxCode>OUT</TaxCode>
				<Description>Outras</Description>
				<TaxPercentage>9.00</TaxPercentage>
			</TaxTableEntry>
			<TaxTableEntry>
				<TaxType>IVA</TaxType>
				<TaxCountryRegion>PT-AC</TaxCountryRegion>
				<TaxCode>OUT</TaxCode>
				<Description>Outras</Description>
				<TaxPercentage>16.00</TaxPercentage>
			</TaxTableEntry>
			<TaxTableEntry>
				<TaxType>IVA</TaxType>
				<TaxCountryRegion>PT-MA</TaxCountryRegion>
				<TaxCode>ISE</TaxCode>
				<Description>Isenta</Description>
				<TaxPercentage>0.00</TaxPercentage>
			</TaxTableEntry>
			<TaxTableEntry>
				<TaxType>IVA</TaxType>
				<TaxCountryRegion>PT-MA</TaxCountryRegion>
				<TaxCode>OUT</TaxCode>
				<Description>Outras</Description>
				<TaxPercentage>5.00</TaxPercentage>
			</TaxTableEntry>
			<TaxTableEntry>
				<TaxType>IVA</TaxType>
				<TaxCountryRegion>PT-MA</TaxCountryRegion>
				<TaxCode>OUT</TaxCode>
				<Description>Outras</Description>
				<TaxPercentage>12.00</TaxPercentage>
			</TaxTableEntry>
			<TaxTableEntry>
				<TaxType>IVA</TaxType>
				<TaxCountryRegion>PT-MA</TaxCountryRegion>
				<TaxCode>OUT</TaxCode>
				<Description>Outras</Description>
				<TaxPercentage>22.00</TaxPercentage>
			</TaxTableEntry>
			<TaxTableEntry>
				<TaxType>IS</TaxType>
				<TaxCountryRegion>PT</TaxCountryRegion>
				<TaxCode>ISE</TaxCode>
				<Description>Isento</Description>
				<TaxPercentage>0.00</TaxPercentage>
			</TaxTableEntry>
		</TaxTable>
	</MasterFiles>
	<GeneralLedgerEntries>
		<NumberOfEntries>1</NumberOfEntries>
		<TotalDebit>67860.00</TotalDebit>
		<TotalCredit>67860.00</TotalCredit>
		<Journal>
			<JournalID>00041</JournalID>
			<Description>Compras - MN</Description>
			<Transaction>
				<TransactionID>2019-06-04 00041 60002</TransactionID>
				<Period>6</Period>
				<TransactionDate>2019-06-04</TransactionDate>
				<SourceID>estg</SourceID>
				<Description>VFA Nº 4/A</Description>
				<DocArchivalNumber>60002</DocArchivalNumber>
				<TransactionType>N</TransactionType>
				<GLPostingDate>2019-06-04</GLPostingDate>
				<SupplierID>555846700_F</SupplierID>
				<Lines>
					<CreditLine>
						<RecordID>1</RecordID>
						<AccountID>22130002</AccountID>
						<SourceDocumentID>VFA A/4</SourceDocumentID>
						<SystemEntryDate>2019-06-04T16:07:06</SystemEntryDate>
						<Description>VFA Nº 4/A</Description>
						<CreditAmount>67860.00</CreditAmount>
					</CreditLine>
					<DebitLine>
						<RecordID>2</RecordID>
						<AccountID>131</AccountID>
						<SourceDocumentID>VFA A/4</SourceDocumentID>
						<SystemEntryDate>2019-06-04T16:07:06</SystemEntryDate>
						<Description>VFA Nº 4/A</Description>
						<DebitAmount>67860.00</DebitAmount>
					</DebitLine>
				</Lines>
			</Transaction>
		</Journal>
	</GeneralLedgerEntries>
	<SourceDocuments/>
</AuditFile>