<?xml version="1.0" encoding="Windows-1252" standalone="no"?>
<AuditFile xmlns="urn:OECD:StandardAuditFile-Tax:PT_1.04_01" xmlns:xsi="http://www.w3.org/2001/XMLSchema-instance" xsi:schemaLocation="urn:OECD:StandardAuditFile-Tax:PT_1.04_01 ../schemas/SAF-T.xsd" xmlns:doc="urn:schemas-basda-org:schema-extensions:documentation">
	<Header>
		<AuditFileVersion>1.04_01</AuditFileVersion>
		<CompanyID>Porto 503630330</CompanyID>
		<TaxRegistrationNumber>503630330</TaxRegistrationNumber>
		<TaxAccountingBasis>I</TaxAccountingBasis>
		<CompanyName>Cherry Computer, Inc.</CompanyName>
		<CompanyAddress>
			<BuildingNumber>406</BuildingNumber>
			<StreetName>Rua da Restauracao</StreetName>
			<AddressDetail>Rua da Restauracao, 406</AddressDetail>
			<City>Porto</City>
			<PostalCode>4050-023</PostalCode>
			<Region>Porto</Region>
			<Country>PT</Country>
		</CompanyAddress>
		<FiscalYear>2019</FiscalYear>
		<StartDate>2019-01-01</StartDate>
		<EndDate>2019-12-31</EndDate>
		<CurrencyCode>EUR</CurrencyCode>
		<DateCreated>2019-06-01</DateCreated>
		<TaxEntity>Sede</TaxEntity>
		<ProductCompanyTaxID>503140600</ProductCompanyTaxID>
		<SoftwareCertificateNumber>0030</SoftwareCertificateNumber>
		<ProductID>ERP v750/PRIMAVERA Business Software Solutions</ProductID>
		<ProductVersion>09.1507.1039</ProductVersion>
		<Telephone>226006546</Telephone>
		<Email>cherrycomputer@icloud.com</Email>
		<Website>cherrycomputer.pt</Website>
	</Header>
	<MasterFiles>
		<GeneralLedgerAccounts>
			<TaxonomyReference>M</TaxonomyReference>
			<Account>
				<AccountID>13</AccountID>
				<AccountDescription>CHY-C/C</AccountDescription>
				<OpeningDebitBalance>274381.00</OpeningDebitBalance>
				<OpeningCreditBalance>5000000.00</OpeningCreditBalance>
				<ClosingDebitBalance>0.00</ClosingDebitBalance>
				<ClosingCreditBalance>5046034.00</ClosingCreditBalance>
				<GroupingCategory>GR</GroupingCategory>
			</Account>
			<Account>
				<AccountID>131</AccountID>
				<AccountDescription>CHY-C/C</AccountDescription>
				<OpeningDebitBalance>274381.00</OpeningDebitBalance>
				<OpeningCreditBalance>5000000.00</OpeningCreditBalance>
				<ClosingDebitBalance>0.00</ClosingDebitBalance>
				<ClosingCreditBalance>5046034.00</ClosingCreditBalance>
				<GroupingCategory>GM</GroupingCategory>
				<GroupingCode>13</GroupingCode>
				<TaxonomyCode>3</TaxonomyCode>
			</Account>
			<Account>
				<AccountID>21</AccountID>
				<AccountDescription>Clientes</AccountDescription>
				<OpeningDebitBalance>0.00</OpeningDebitBalance>
				<OpeningCreditBalance>0.00</OpeningCreditBalance>
				<ClosingDebitBalance>264122.50</ClosingDebitBalance>
				<ClosingCreditBalance>0.00</ClosingCreditBalance>
				<GroupingCategory>GR</GroupingCategory>
			</Account>
			<Account>
				<AccountID>211</AccountID>
				<AccountDescription>Clientes c/c</AccountDescription>
				<OpeningDebitBalance>0.00</OpeningDebitBalance>
				<OpeningCreditBalance>0.00</OpeningCreditBalance>
				<ClosingDebitBalance>264122.50</ClosingDebitBalance>
				<ClosingCreditBalance>0.00</ClosingCreditBalance>
				<GroupingCategory>GA</GroupingCategory>
				<GroupingCode>21</GroupingCode>
			</Account>
			<Account>
				<AccountID>21110001</AccountID>
				<AccountDescription>Universidade do Porto</AccountDescription>
				<OpeningDebitBalance>0.00</OpeningDebitBalance>
				<OpeningCreditBalance>0.00</OpeningCreditBalance>
				<ClosingDebitBalance>27060.00</ClosingDebitBalance>
				<ClosingCreditBalance>0.00</ClosingCreditBalance>
				<GroupingCategory>GA</GroupingCategory>
				<GroupingCode>211</GroupingCode>
			</Account>
			<Account>
				<AccountID>21110002</AccountID>
				<AccountDescription>Instituto Politécnico do Porto</AccountDescription>
				<OpeningDebitBalance>0.00</OpeningDebitBalance>
				<OpeningCreditBalance>0.00</OpeningCreditBalance>
				<ClosingDebitBalance>51660.00</ClosingDebitBalance>
				<ClosingCreditBalance>0.00</ClosingCreditBalance>
				<GroupingCategory>GA</GroupingCategory>
				<GroupingCode>211</GroupingCode>
			</Account>
			<Account>
				<AccountID>21110003</AccountID>
				<AccountDescription>Universidade de Coimbra</AccountDescription>
				<OpeningDebitBalance>0.00</OpeningDebitBalance>
				<OpeningCreditBalance>0.00</OpeningCreditBalance>
				<ClosingDebitBalance>12915.00</ClosingDebitBalance>
				<ClosingCreditBalance>0.00</ClosingCreditBalance>
				<GroupingCategory>GA</GroupingCategory>
				<GroupingCode>211</GroupingCode>
			</Account>
			<Account>
				<AccountID>21110004</AccountID>
				<AccountDescription>Instituto Universitário de Maia, ISMAI</AccountDescription>
				<OpeningDebitBalance>0.00</OpeningDebitBalance>
				<OpeningCreditBalance>0.00</OpeningCreditBalance>
				<ClosingDebitBalance>65190.00</ClosingDebitBalance>
				<ClosingCreditBalance>0.00</ClosingCreditBalance>
				<GroupingCategory>GA</GroupingCategory>
				<GroupingCode>211</GroupingCode>
			</Account>
			<Account>
				<AccountID>21110005</AccountID>
				<AccountDescription>Universidade Católica Portuguesa</AccountDescription>
				<OpeningDebitBalance>0.00</OpeningDebitBalance>
				<OpeningCreditBalance>0.00</OpeningCreditBalance>
				<ClosingDebitBalance>30442.50</ClosingDebitBalance>
				<ClosingCreditBalance>0.00</ClosingCreditBalance>
				<GroupingCategory>GA</GroupingCategory>
				<GroupingCode>211</GroupingCode>
			</Account>
			<Account>
				<AccountID>21110006</AccountID>
				<AccountDescription>Decskill Corporativa</AccountDescription>
				<OpeningDebitBalance>0.00</OpeningDebitBalance>
				<OpeningCreditBalance>0.00</OpeningCreditBalance>
				<ClosingDebitBalance>35055.00</ClosingDebitBalance>
				<ClosingCreditBalance>0.00</ClosingCreditBalance>
				<GroupingCategory>GA</GroupingCategory>
				<GroupingCode>211</GroupingCode>
			</Account>
			<Account>
				<AccountID>21110007</AccountID>
				<AccountDescription>Cisco Systems Inc.</AccountDescription>
				<OpeningDebitBalance>0.00</OpeningDebitBalance>
				<OpeningCreditBalance>0.00</OpeningCreditBalance>
				<ClosingDebitBalance>21525.00</ClosingDebitBalance>
				<ClosingCreditBalance>0.00</ClosingCreditBalance>
				<GroupingCategory>GA</GroupingCategory>
				<GroupingCode>211</GroupingCode>
			</Account>
			<Account>
				<AccountID>21110008</AccountID>
				<AccountDescription>Mind Source</AccountDescription>
				<OpeningDebitBalance>0.00</OpeningDebitBalance>
				<OpeningCreditBalance>0.00</OpeningCreditBalance>
				<ClosingDebitBalance>20295.00</ClosingDebitBalance>
				<ClosingCreditBalance>0.00</ClosingCreditBalance>
				<GroupingCategory>GA</GroupingCategory>
				<GroupingCode>211</GroupingCode>
			</Account>
			<Account>
				<AccountID>21110009</AccountID>
				<AccountDescription>Growin</AccountDescription>
				<OpeningDebitBalance>0.00</OpeningDebitBalance>
				<OpeningCreditBalance>0.00</OpeningCreditBalance>
				<ClosingDebitBalance>7380.00</ClosingDebitBalance>
				<ClosingCreditBalance>0.00</ClosingCreditBalance>
				<GroupingCategory>GA</GroupingCategory>
				<GroupingCode>211</GroupingCode>
			</Account>
			<Account>
				<AccountID>21130010</AccountID>
				<AccountDescription>Amazon ES</AccountDescription>
				<OpeningDebitBalance>0.00</OpeningDebitBalance>
				<OpeningCreditBalance>0.00</OpeningCreditBalance>
				<ClosingDebitBalance>48892.50</ClosingDebitBalance>
				<ClosingCreditBalance>0.00</ClosingCreditBalance>
				<GroupingCategory>GA</GroupingCategory>
				<GroupingCode>211</GroupingCode>
			</Account>
			<Account>
				<AccountID>22</AccountID>
				<AccountDescription>Fornecedores</AccountDescription>
				<OpeningDebitBalance>0.00</OpeningDebitBalance>
				<OpeningCreditBalance>0.00</OpeningCreditBalance>
				<ClosingDebitBalance>0.00</ClosingDebitBalance>
				<ClosingCreditBalance>274381.00</ClosingCreditBalance>
				<GroupingCategory>GR</GroupingCategory>
			</Account>
			<Account>
				<AccountID>221</AccountID>
				<AccountDescription>Fornecedores c/c</AccountDescription>
				<OpeningDebitBalance>0.00</OpeningDebitBalance>
				<OpeningCreditBalance>0.00</OpeningCreditBalance>
				<ClosingDebitBalance>0.00</ClosingDebitBalance>
				<ClosingCreditBalance>274381.00</ClosingCreditBalance>
				<GroupingCategory>GA</GroupingCategory>
				<GroupingCode>22</GroupingCode>
			</Account>
			<Account>
				<AccountID>22110001</AccountID>
				<AccountDescription>Apple Inc.</AccountDescription>
				<OpeningDebitBalance>0.00</OpeningDebitBalance>
				<OpeningCreditBalance>0.00</OpeningCreditBalance>
				<ClosingDebitBalance>0.00</ClosingDebitBalance>
				<ClosingCreditBalance>206521.00</ClosingCreditBalance>
				<GroupingCategory>GM</GroupingCategory>
				<GroupingCode>221</GroupingCode>
				<TaxonomyCode>12</TaxonomyCode>
			</Account>
			<Account>
				<AccountID>22130002</AccountID>
				<AccountDescription>Apple Inc.</AccountDescription>
				<OpeningDebitBalance>0.00</OpeningDebitBalance>
				<OpeningCreditBalance>0.00</OpeningCreditBalance>
				<ClosingDebitBalance>0.00</ClosingDebitBalance>
				<ClosingCreditBalance>67860.00</ClosingCreditBalance>
				<GroupingCategory>GM</GroupingCategory>
				<GroupingCode>221</GroupingCode>
				<TaxonomyCode>12</TaxonomyCode>
			</Account>
		</GeneralLedgerAccounts>
		<Customer>
			<CustomerID>Consumidor final</CustomerID>
			<AccountID>Desconhecido</AccountID>
			<CustomerTaxID>999999990</CustomerTaxID>
			<CompanyName>Consumidor final</CompanyName>
			<BillingAddress>
				<AddressDetail>Desconhecido</AddressDetail>
				<City>Desconhecido</City>
				<PostalCode>Desconhecido</PostalCode>
				<Country>Desconhecido</Country>
			</BillingAddress>
			<ShipToAddress>
				<AddressDetail>Desconhecido</AddressDetail>
				<City>Desconhecido</City>
				<PostalCode>Desconhecido</PostalCode>
				<Country>Desconhecido</Country>
			</ShipToAddress>
			<SelfBillingIndicator>0</SelfBillingIndicator>
		</Customer>
		<Customer>
			<CustomerID>501413197_C</CustomerID>
			<AccountID>21110001</AccountID>
			<CustomerTaxID>501413197</CustomerTaxID>
			<CompanyName>UNIVERSIDADE DO PORTO</CompanyName>
			<BillingAddress>
				<AddressDetail>Praca de Gomes Teixeira</AddressDetail>
				<City>Porto</City>
				<PostalCode>4099002</PostalCode>
				<Region>Porto</Region>
				<Country>PT</Country>
			</BillingAddress>
			<ShipToAddress>
				<AddressDetail>Praca de Gomes Teixeira</AddressDetail>
				<City>Porto</City>
				<PostalCode>4099002</PostalCode>
				<Region>Porto</Region>
				<Country>PT</Country>
			</ShipToAddress>
			<Telephone>00351220408000</Telephone>
			<Website>up@up.pt</Website>
			<SelfBillingIndicator>0</SelfBillingIndicator>
		</Customer>
		<Customer>
			<CustomerID>504606251_C</CustomerID>
			<AccountID>21110002</AccountID>
			<CustomerTaxID>504606251</CustomerTaxID>
			<CompanyName>INSTITUTO POLITECNICO DO PORTO</CompanyName>
			<BillingAddress>
				<AddressDetail>Rua Dr. Roberto Frias, 712</AddressDetail>
				<City>Porto</City>
				<PostalCode>4200465</PostalCode>
				<Region>Porto</Region>
				<Country>PT</Country>
			</BillingAddress>
			<ShipToAddress>
				<AddressDetail>Rua Dr. Roberto Frias, 712</AddressDetail>
				<City>Porto</City>
				<PostalCode>4200465</PostalCode>
				<Region>Porto</Region>
				<Country>PT</Country>
			</ShipToAddress>
			<Telephone>00351225571000</Telephone>
			<Website>ipp@ipp.pt</Website>
			<SelfBillingIndicator>0</SelfBillingIndicator>
		</Customer>
		<Customer>
			<CustomerID>501617582_C</CustomerID>
			<AccountID>21110003</AccountID>
			<CustomerTaxID>501617582</CustomerTaxID>
			<CompanyName>UNIVERSIDADE DE COIMBRA</CompanyName>
			<BillingAddress>
				<AddressDetail>Rua Larga</AddressDetail>
				<City>Coimbra</City>
				<PostalCode>3004504</PostalCode>
				<Region>Coimbra</Region>
				<Country>PT</Country>
			</BillingAddress>
			<ShipToAddress>
				<AddressDetail>Rua Larga</AddressDetail>
				<City>Coimbra</City>
				<PostalCode>3004504</PostalCode>
				<Region>Coimbra</Region>
				<Country>PT</Country>
			</ShipToAddress>
			<Telephone>00351239859900</Telephone>
			<Website>gabadmin@uc.pt</Website>
			<SelfBillingIndicator>0</SelfBillingIndicator>
		</Customer>
		<Customer>
			<CustomerID>502514531_C</CustomerID>
			<AccountID>21110004</AccountID>
			<CustomerTaxID>502514531</CustomerTaxID>
			<CompanyName>ISMAI INSTITUTO UNIVERSITARIO DA MAIA</CompanyName>
			<BillingAddress>
				<AddressDetail>Avenida Carlos de Oliveira Campos</AddressDetail>
				<City>Maia</City>
				<PostalCode>4475690</PostalCode>
				<Region>Porto</Region>
				<Country>PT</Country>
			</BillingAddress>
			<ShipToAddress>
				<AddressDetail>Avenida Carlos de Oliveira Campos</AddressDetail>
				<City>Maia</City>
				<PostalCode>4475690</PostalCode>
				<Region>Porto</Region>
				<Country>PT</Country>
			</ShipToAddress>
			<Telephone>00351229866000</Telephone>
			<Website>info@ismai.pt</Website>
			<SelfBillingIndicator>0</SelfBillingIndicator>
		</Customer>
		<Customer>
			<CustomerID>501082522_C</CustomerID>
			<AccountID>21110005</AccountID>
			<CustomerTaxID>501082522</CustomerTaxID>
			<CompanyName>UNIVERSIDADE CATOLICA PORTUGUESA</CompanyName>
			<BillingAddress>
				<AddressDetail>Palma de Cima</AddressDetail>
				<City>Lisboa</City>
				<PostalCode>1649023</PostalCode>
				<Region>Lisboa</Region>
				<Country>PT</Country>
			</BillingAddress>
			<ShipToAddress>
				<AddressDetail>Palma de Cima</AddressDetail>
				<City>Lisboa</City>
				<PostalCode>1649023</PostalCode>
				<Region>Lisboa</Region>
				<Country>PT</Country>
			</ShipToAddress>
			<Telephone>00351217214000</Telephone>
			<Website>info@reitoria.ucp.pt</Website>
			<SelfBillingIndicator>0</SelfBillingIndicator>
		</Customer>
		<Customer>
			<CustomerID>510070833_C</CustomerID>
			<AccountID>21110006</AccountID>
			<CustomerTaxID>510070833</CustomerTaxID>
			<CompanyName>DECSKILL CORP.</CompanyName>
			<BillingAddress>
				<AddressDetail>Avenida Duque de Loule, 123, 6 andar</AddressDetail>
				<City>Lisboa</City>
				<PostalCode>1050089</PostalCode>
				<Region>Lisboa</Region>
				<Country>PT</Country>
			</BillingAddress>
			<ShipToAddress>
				<AddressDetail>Avenida Duque de Loule, 123, 6 andar</AddressDetail>
				<City>Lisboa</City>
				<PostalCode>1050089</PostalCode>
				<Region>Lisboa</Region>
				<Country>PT</Country>
			</ShipToAddress>
			<Telephone>00351215922408</Telephone>
			<Website>decskill.com</Website>
			<SelfBillingIndicator>0</SelfBillingIndicator>
		</Customer>
		<Customer>
			<CustomerID>504727060_C</CustomerID>
			<AccountID>21110007</AccountID>
			<CustomerTaxID>504727060</CustomerTaxID>
			<CompanyName>CISCO SYSTEMS INC</CompanyName>
			<BillingAddress>
				<AddressDetail>Lagoas Park</AddressDetail>
				<City>Porto Salvo</City>
				<PostalCode>2740265</PostalCode>
				<Region>Lisboa</Region>
				<Country>PT</Country>
			</BillingAddress>
			<ShipToAddress>
				<AddressDetail>Lagoas Park</AddressDetail>
				<City>Porto Salvo</City>
				<PostalCode>2740265</PostalCode>
				<Region>Lisboa</Region>
				<Country>PT</Country>
			</ShipToAddress>
			<Telephone>00351214341000</Telephone>
			<Website>cisco.pt</Website>
			<SelfBillingIndicator>0</SelfBillingIndicator>
		</Customer>
		<Customer>
			<CustomerID>508123585_C</CustomerID>
			<AccountID>21110008</AccountID>
			<CustomerTaxID>508123585</CustomerTaxID>
			<CompanyName>MIND SOURCE</CompanyName>
			<BillingAddress>
				<AddressDetail>Rua Braamcamp, 9</AddressDetail>
				<City>Lisboa</City>
				<PostalCode>1250096</PostalCode>
				<Region>Lisboa</Region>
				<Country>PT</Country>
			</BillingAddress>
			<ShipToAddress>
				<AddressDetail>Rua Braamcamp, 9</AddressDetail>
				<City>Lisboa</City>
				<PostalCode>1250096</PostalCode>
				<Region>Lisboa</Region>
				<Country>PT</Country>
			</ShipToAddress>
			<Telephone>00351217937418</Telephone>
			<Website>info@mindsource.pt</Website>
			<SelfBillingIndicator>0</SelfBillingIndicator>
		</Customer>
		<Customer>
			<CustomerID>515107468_C</CustomerID>
			<AccountID>21110009</AccountID>
			<CustomerTaxID>515107468</CustomerTaxID>
			<CompanyName>GROWIN INC</CompanyName>
			<BillingAddress>
				<AddressDetail>Praceta Adelino Amaro da Costa, 728, 8esq</AddressDetail>
				<City>Porto</City>
				<PostalCode>4050012</PostalCode>
				<Region>Porto</Region>
				<Country>PT</Country>
			</BillingAddress>
			<ShipToAddress>
				<AddressDetail>Praceta Adelino Amaro da Costa, 728, 8esq</AddressDetail>
				<City>Porto</City>
				<PostalCode>4050012</PostalCode>
				<Region>Porto</Region>
				<Country>PT</Country>
			</ShipToAddress>
			<Telephone>00351215947950</Telephone>
			<Website>hello@growin.pt</Website>
			<SelfBillingIndicator>0</SelfBillingIndicator>
		</Customer>
		<Customer>
			<CustomerID>ES524229770_C</CustomerID>
			<AccountID>21130010</AccountID>
			<CustomerTaxID>524229770</CustomerTaxID>
			<CompanyName>AMAZON ESPANA</CompanyName>
			<BillingAddress>
				<AddressDetail>Calle de Ramirez de Prado, 5</AddressDetail>
				<City>Madrid</City>
				<PostalCode>28045</PostalCode>
				<Region>Madrid</Region>
				<Country>ES</Country>
			</BillingAddress>
			<ShipToAddress>
				<AddressDetail>Calle de Ramirez de Prado, 5</AddressDetail>
				<City>Madrid</City>
				<PostalCode>28045</PostalCode>
				<Region>Madrid</Region>
				<Country>ES</Country>
			</ShipToAddress>
			<Telephone>0034287347669</Telephone>
			<Website>info@amazon.es</Website>
			<SelfBillingIndicator>0</SelfBillingIndicator>
		</Customer>
		<Supplier>
			<SupplierID>508141966_F</SupplierID>
			<AccountID>22110001</AccountID>
			<SupplierTaxID>508141966</SupplierTaxID>
			<CompanyName>APPLE PORTUGAL INC.</CompanyName>
			<BillingAddress>
				<AddressDetail>Rua Sara Afonso</AddressDetail>
				<City>Porto</City>
				<PostalCode>4460841</PostalCode>
				<Country>PT</Country>
			</BillingAddress>
			<ShipFromAddress>
				<AddressDetail>Rua Sara Afonso</AddressDetail>
				<City>Porto</City>
				<PostalCode>4460841</PostalCode>
				<Country>PT</Country>
			</ShipFromAddress>
			<Telephone>00351229571300</Telephone>
			<SelfBillingIndicator>0</SelfBillingIndicator>
		</Supplier>
		<Supplier>
			<SupplierID>555846700_F</SupplierID>
			<AccountID>22130002</AccountID>
			<SupplierTaxID>555846700</SupplierTaxID>
			<CompanyName>APPLE ESPANA INC</CompanyName>
			<BillingAddress>
				<AddressDetail>Plaza de la Puerta del Sol, 1</AddressDetail>
				<City>Madrid</City>
				<PostalCode>28013</PostalCode>
				<Country>ES</Country>
			</BillingAddress>
			<ShipFromAddress>
				<AddressDetail>Plaza de la Puerta del Sol, 1</AddressDetail>
				<City>Madrid</City>
				<PostalCode>28013</PostalCode>
				<Country>ES</Country>
			</ShipFromAddress>
			<Telephone>0034917699100</Telephone>
			<Website>apple.es@icloud.com</Website>
			<SelfBillingIndicator>0</SelfBillingIndicator>
		</Supplier>
		<Product>
			<ProductType>P</ProductType>
			<ProductCode>M1.1</ProductCode>
			<ProductGroup>Macbook Pro 13 128GB SSD</ProductGroup>
			<ProductDescription>Macbook Pro 13 128GB SSD, PRATEADO</ProductDescription>
			<ProductNumberCode>M1.1</ProductNumberCode>
			<InitialStock>40</InitialStock>
			<CurrentStock>40</CurrentStock>
		</Product>
		<Product>
			<ProductType>P</ProductType>
			<ProductCode>M1.2</ProductCode>
			<ProductGroup>Macbook Pro 13 128GB SSD</ProductGroup>
			<ProductDescription>Macbook Pro 13 128GB SSD, CINZA</ProductDescription>
			<ProductNumberCode>M1.2</ProductNumberCode>
			<InitialStock>40</InitialStock>
			<CurrentStock>35</CurrentStock>
		</Product>
		<Product>
			<ProductType>P</ProductType>
			<ProductCode>M2.1</ProductCode>
			<ProductGroup>Macbook Pro 13 256GB SSD</ProductGroup>
			<ProductDescription>Macbook Pro 13 256GB SSD, PRATEADO</ProductDescription>
			<ProductNumberCode>M2.1</ProductNumberCode>
			<InitialStock>40</InitialStock>
			<CurrentStock>15</CurrentStock>
		</Product>
		<Product>
			<ProductType>P</ProductType>
			<ProductCode>M2.2</ProductCode>
			<ProductGroup>Macbook Pro 13 256GB SSD</ProductGroup>
			<ProductDescription>Macbook Pro 13 256GB SSD, CINZA</ProductDescription>
			<ProductNumberCode>M2.2</ProductNumberCode>
			<InitialStock>40</InitialStock>
			<CurrentStock>20</CurrentStock>
		</Product>
		<Product>
			<ProductType>P</ProductType>
			<ProductCode>M3.1</ProductCode>
			<ProductGroup>Macbook Pro 15 256GB SSD</ProductGroup>
			<ProductDescription>Macbook Pro 15 256GB SSD, PRATEADO</ProductDescription>
			<ProductNumberCode>M3.1</ProductNumberCode>
			<InitialStock>40</InitialStock>
			<CurrentStock>64</CurrentStock>
		</Product>
		<Product>
			<ProductType>P</ProductType>
			<ProductCode>M3.2</ProductCode>
			<ProductGroup>Macbook Pro 15 256GB SSD</ProductGroup>
			<ProductDescription>Macbook Pro 15 256GB SSD, CINZA</ProductDescription>
			<ProductNumberCode>M3.2</ProductNumberCode>
			<InitialStock>40</InitialStock>
			<CurrentStock>38</CurrentStock>
		</Product>
		<Product>
			<ProductType>P</ProductType>
			<ProductCode>M4.1</ProductCode>
			<ProductGroup>Macbook Pro 15 512GB SSD</ProductGroup>
			<ProductDescription>Macbook Pro 15 512GB SSD, PRATEADO</ProductDescription>
			<ProductNumberCode>M4.1</ProductNumberCode>
			<InitialStock>40</InitialStock>
			<CurrentStock>37</CurrentStock>
		</Product>
		<Product>
			<ProductType>P</ProductType>
			<ProductCode>M4.2</ProductCode>
			<ProductGroup>Macbook Pro 15 512GB SSD</ProductGroup>
			<ProductDescription>Macbook Pro 15 512GB SSD, CINZA</ProductDescription>
			<ProductNumberCode>M4.2</ProductNumberCode>
			<InitialStock>40</InitialStock>
			<CurrentStock>88</CurrentStock>
		</Product>
		<TaxTable>
			<TaxTableEntry>
				<TaxType>IVA</TaxType>
				<TaxCountryRegion>PT</TaxCountryRegion>
				<TaxCode>ISE</TaxCode>
				<Description>Isenta</Description>
				<TaxPercentage>0.00</TaxPercentage>
			</TaxTableEntry>
			<TaxTableEntry>
				<TaxType>IVA</TaxType>
				<TaxCountryRegion>PT</TaxCountryRegion>
				<TaxCode>OUT</TaxCode>
				<Description>Outras</Description>
				<TaxPercentage>4.00</TaxPercentage>
			</TaxTableEntry>
			<TaxTableEntry>
				<TaxType>IVA</TaxType>
				<TaxCountryRegion>PT</TaxCountryRegion>
				<TaxCode>RED</TaxCode>
				<Description>Reduzida</Description>
				<TaxPercentage>5.00</TaxPercentage>
			</TaxTableEntry>
			<TaxTableEntry>
				<TaxType>IVA</TaxType>
				<TaxCountryRegion>PT</TaxCountryRegion>
				<TaxCode>RED</TaxCode>
				<Description>Reduzida</Description>
				<TaxPercentage>6.00</TaxPercentage>
			</TaxTableEntry>
			<TaxTableEntry>
				<TaxType>IVA</TaxType>
				<TaxCountryRegion>PT</TaxCountryRegion>
				<TaxCode>OUT</TaxCode>
				<Description>Outras</Description>
				<TaxPercentage>9.00</TaxPercentage>
			</TaxTableEntry>
			<TaxTableEntry>
				<TaxType>IVA</TaxType>
				<TaxCountryRegion>PT</TaxCountryRegion>
				<TaxCode>INT</TaxCode>
				<Description>Intermedia</Description>
				<TaxPercentage>12.00</TaxPercentage>
			</TaxTableEntry>
			<TaxTableEntry>
				<TaxType>IVA</TaxType>
				<TaxCountryRegion>PT</TaxCountryRegion>
				<TaxCode>INT</TaxCode>
				<Description>Intermedia</Description>
				<TaxPercentage>13.00</TaxPercentage>
			</TaxTableEntry>
			<TaxTableEntry>
				<TaxType>IVA</TaxType>
				<TaxCountryRegion>PT</TaxCountryRegion>
				<TaxCode>OUT</TaxCode>
				<Description>Outras</Description>
				<TaxPercentage>15.00</TaxPercentage>
			</TaxTableEntry>
			<TaxTableEntry>
				<TaxType>IVA</TaxType>
				<TaxCountryRegion>PT</TaxCountryRegion>
				<TaxCode>OUT</TaxCode>
				<Description>Outras</Description>
				<TaxPercentage>22.00</TaxPercentage>
			</TaxTableEntry>
			<TaxTableEntry>
				<TaxType>IVA</TaxType>
				<TaxCountryRegion>PT</TaxCountryRegion>
				<TaxCode>NOR</TaxCode>
				<Description>Normal</Description>
				<TaxPercentage>23.00</TaxPercentage>
			</TaxTableEntry>
			<TaxTableEntry>
				<TaxType>IVA</TaxType>
				<TaxCountryRegion>PT</TaxCountryRegion>
				<TaxCode>OUT</TaxCode>
				<Description>Outras</Description>
				<TaxPercentage>23.00</TaxPercentage>
			</TaxTableEntry>
			<TaxTableEntry>
				<TaxType>IVA</TaxType>
				<TaxCountryRegion>PT-AC</TaxCountryRegion>
				<TaxCode>ISE</TaxCode>
				<Description>Isenta</Description>
				<TaxPercentage>0.00</TaxPercentage>
			</TaxTableEntry>
			<TaxTableEntry>
				<TaxType>IVA</TaxType>
				<TaxCountryRegion>PT-AC</TaxCountryRegion>
				<TaxCode>OUT</TaxCode>
				<Description>Outras</Description>
				<TaxPercentage>4.00</TaxPercentage>
			</TaxTableEntry>
			<TaxTableEntry>
				<TaxType>IVA</TaxType>
				<TaxCountryRegion>PT-AC</TaxCountryRegion>
				<TaxCode>OUT</TaxCode>
				<Description>Outras</Description>
				<TaxPercentage>9.00</TaxPercentage>
			</TaxTableEntry>
			<TaxTableEntry>
				<TaxType>IVA</TaxType>
				<TaxCountryRegion>PT-AC</TaxCountryRegion>
				<TaxCode>OUT</TaxCode>
				<Description>Outras</Description>
				<TaxPercentage>16.00</TaxPercentage>
			</TaxTableEntry>
			<TaxTableEntry>
				<TaxType>IVA</TaxType>
				<TaxCountryRegion>PT-MA</TaxCountryRegion>
				<TaxCode>ISE</TaxCode>
				<Description>Isenta</Description>
				<TaxPercentage>0.00</TaxPercentage>
			</TaxTableEntry>
			<TaxTableEntry>
				<TaxType>IVA</TaxType>
				<TaxCountryRegion>PT-MA</TaxCountryRegion>
				<TaxCode>OUT</TaxCode>
				<Description>Outras</Description>
				<TaxPercentage>5.00</TaxPercentage>
			</TaxTableEntry>
			<TaxTableEntry>
				<TaxType>IVA</TaxType>
				<TaxCountryRegion>PT-MA</TaxCountryRegion>
				<TaxCode>OUT</TaxCode>
				<Description>Outras</Description>
				<TaxPercentage>12.00</TaxPercentage>
			</TaxTableEntry>
			<TaxTableEntry>
				<TaxType>IVA</TaxType>
				<TaxCountryRegion>PT-MA</TaxCountryRegion>
				<TaxCode>OUT</TaxCode>
				<Description>Outras</Description>
				<TaxPercentage>22.00</TaxPercentage>
			</TaxTableEntry>
			<TaxTableEntry>
				<TaxType>IS</TaxType>
				<TaxCountryRegion>PT</TaxCountryRegion>
				<TaxCode>ISE</TaxCode>
				<Description>Isento</Description>
				<TaxPercentage>0.00</TaxPercentage>
			</TaxTableEntry>
		</TaxTable>
	</MasterFiles>
	<GeneralLedgerEntries>
		<NumberOfEntries>18</NumberOfEntries>
		<TotalDebit>274381.00</TotalDebit>
		<TotalCredit>320415.00</TotalCredit>
		<Journal>
			<JournalID>00042</JournalID>
			<Description>Compras - MN</Description>
			<Transaction>
				<TransactionID>2019-05-31 00042 50002</TransactionID>
				<Period>5</Period>
				<TransactionDate>2019-01-16</TransactionDate>
				<SourceID>estg</SourceID>
				<Description>VFA N. 4/A</Description>
				<DocArchivalNumber>50002</DocArchivalNumber>
				<TransactionType>N</TransactionType>
				<GLPostingDate>2019-05-31</GLPostingDate>
				<SupplierID>555846700_F</SupplierID>
				<Product>
					<ProductCode>M4.2</ProductCode>
						<ProductQty>30</ProductQty>
				</Product>
				<Lines>
					<CreditLine>
						<RecordID>1</RecordID>
						<AccountID>22130002</AccountID>
						<SourceDocumentID>VFA A/4</SourceDocumentID>
						<SystemEntryDate>2019-05-31T16:07:06</SystemEntryDate>
						<Description>VFA N. 4/A</Description>
						<CreditAmount>67860.00</CreditAmount>
					</CreditLine>
					<DebitLine>
						<RecordID>2</RecordID>
						<AccountID>131</AccountID>
						<SourceDocumentID>VFA A/4</SourceDocumentID>
						<SystemEntryDate>2019-05-31T16:07:06</SystemEntryDate>
						<Description>VFA N. 4/A</Description>
						<DebitAmount>67860.00</DebitAmount>
					</DebitLine>
				</Lines>
			</Transaction>
			<Transaction>
				<TransactionID>2019-05-31 00042 50003</TransactionID>
				<Period>5</Period>
				<TransactionDate>2019-01-30</TransactionDate>
				<SourceID>estg</SourceID>
				<Description>VFA N. 5/A</Description>
				<DocArchivalNumber>50003</DocArchivalNumber>
				<TransactionType>N</TransactionType>
				<GLPostingDate>2019-05-31</GLPostingDate>
				<SupplierID>508141966_F</SupplierID>
				<Product>
					<ProductCode>M2.2</ProductCode>
						<ProductQty>5</ProductQty>
					<ProductCode>M3.1</ProductCode>
						<ProductQty>5</ProductQty>
				</Product>
				<Lines>
					<CreditLine>
						<RecordID>1</RecordID>
						<AccountID>22110001</AccountID>
						<SourceDocumentID>VFA A/5</SourceDocumentID>
						<SystemEntryDate>2019-05-31T16:15:17</SystemEntryDate>
						<Description>VFA N. 5/A</Description>
						<CreditAmount>21008.40</CreditAmount>
					</CreditLine>
					<DebitLine>
						<RecordID>2</RecordID>
						<AccountID>131</AccountID>
						<SourceDocumentID>VFA A/5</SourceDocumentID>
						<SystemEntryDate>2019-05-31T16:15:17</SystemEntryDate>
						<Description>VFA N. 5/A</Description>
						<DebitAmount>21008.40</DebitAmount>
					</DebitLine>
				</Lines>
			</Transaction>
			<Transaction>
				<TransactionID>2019-05-31 00042 50004</TransactionID>
				<Period>5</Period>
				<TransactionDate>2019-02-04</TransactionDate>
				<SourceID>estg</SourceID>
				<Description>VFA N. 6/A</Description>
				<DocArchivalNumber>50004</DocArchivalNumber>
				<TransactionType>N</TransactionType>
				<GLPostingDate>2019-05-31</GLPostingDate>
				<SupplierID>508141966_F</SupplierID>
				<Product>
					<ProductCode>M1.1</ProductCode>
						<ProductQty>10</ProductQty>
					<ProductCode>M1.2</ProductCode>
						<ProductQty>10</ProductQty>
				</Product>
				<Lines>
					<CreditLine>
						<RecordID>1</RecordID>
						<AccountID>22110001</AccountID>
						<SourceDocumentID>VFA A/6</SourceDocumentID>
						<SystemEntryDate>2019-05-31T16:19:22</SystemEntryDate>
						<Description>VFA N. 6/A</Description>
						<CreditAmount>29360.10</CreditAmount>
					</CreditLine>
					<DebitLine>
						<RecordID>2</RecordID>
						<AccountID>131</AccountID>
						<SourceDocumentID>VFA A/6</SourceDocumentID>
						<SystemEntryDate>2019-05-31T16:19:22</SystemEntryDate>
						<Description>VFA N. 6/A</Description>
						<DebitAmount>29360.10</DebitAmount>
					</DebitLine>
				</Lines>
			</Transaction>
			<Transaction>
				<TransactionID>2019-05-31 00042 50005</TransactionID>
				<Period>5</Period>
				<TransactionDate>2019-04-10</TransactionDate>
				<SourceID>estg</SourceID>
				<Description>VFA N. 7/A</Description>
				<DocArchivalNumber>50005</DocArchivalNumber>
				<TransactionType>N</TransactionType>
				<GLPostingDate>2019-05-31</GLPostingDate>
				<SupplierID>508141966_F</SupplierID>
				<Product>
					<ProductCode>3.1</ProductCode>
						<ProductQty>30</ProductQty>
				</Product>
				<Lines>
					<CreditLine>
						<RecordID>1</RecordID>
						<AccountID>22110001</AccountID>
						<SourceDocumentID>VFA 7/4</SourceDocumentID>
						<SystemEntryDate>2019-05-31T16:23:08</SystemEntryDate>
						<Description>VFA N. 7/A</Description>
						<CreditAmount>60900.00</CreditAmount>
					</CreditLine>
					<DebitLine>
						<RecordID>2</RecordID>
						<AccountID>131</AccountID>
						<SourceDocumentID>VFA A/7</SourceDocumentID>
						<SystemEntryDate>2019-05-31T16:23:08</SystemEntryDate>
						<Description>VFA N. 7/A</Description>
						<DebitAmount>60900.00</DebitAmount>
					</DebitLine>
				</Lines>
			</Transaction>
			<Transaction>
				<TransactionID>2019-05-31 00042 50006</TransactionID>
				<Period>5</Period>
				<TransactionDate>2019-04-22</TransactionDate>
				<SourceID>estg</SourceID>
				<Description>VFA N. 8/A</Description>
				<DocArchivalNumber>50006</DocArchivalNumber>
				<TransactionType>N</TransactionType>
				<GLPostingDate>2019-05-31</GLPostingDate>
				<SupplierID>508141966_F</SupplierID>
				<Product>
					<ProductCode>M4.2</ProductCode>
						<ProductQty>35</ProductQty>
				</Product>
				<Lines>
					<CreditLine>
						<RecordID>1</RecordID>
						<AccountID>22110001</AccountID>
						<SourceDocumentID>VFA A/8</SourceDocumentID>
						<SystemEntryDate>2019-05-31T16:33:36</SystemEntryDate>
						<Description>VFA N. 8/A</Description>
						<CreditAmount>77350.00</CreditAmount>
					</CreditLine>
					<DebitLine>
						<RecordID>2</RecordID>
						<AccountID>131</AccountID>
						<SourceDocumentID>VFA A/8</SourceDocumentID>
						<SystemEntryDate>2019-05-31T16:33:36</SystemEntryDate>
						<Description>VFA N. 8/A</Description>
						<DebitAmount>77350.00</DebitAmount>
					</DebitLine>
				</Lines>
			</Transaction>
			<Transaction>
				<TransactionID>2019-05-31 00042 50007</TransactionID>
				<Period>5</Period>
				<TransactionDate>2019-05-28</TransactionDate>
				<SourceID>estg</SourceID>
				<Description>VFA N. 9/A</Description>
				<DocArchivalNumber>50007</DocArchivalNumber>
				<TransactionType>N</TransactionType>
				<GLPostingDate>2019-05-31</GLPostingDate>
				<SupplierID>508141966_F</SupplierID>
				<Product>
					<ProductCode>M1.1</ProductCode>
						<ProductQty>15</ProductQty>
				</Product>
				<Lines>
					<CreditLine>
						<RecordID>1</RecordID>
						<AccountID>22110001</AccountID>
						<SourceDocumentID>VFA A/9</SourceDocumentID>
						<SystemEntryDate>2019-05-31T16:35:02</SystemEntryDate>
						<Description>VFA N. 9/A</Description>
						<CreditAmount>17902.50</CreditAmount>
					</CreditLine>
					<DebitLine>
						<RecordID>2</RecordID>
						<AccountID>131</AccountID>
						<SourceDocumentID>VFA A/9</SourceDocumentID>
						<SystemEntryDate>2019-05-31T16:35:02</SystemEntryDate>
						<Description>VFA N. 9/A</Description>
						<DebitAmount>17902.50</DebitAmount>
					</DebitLine>
				</Lines>
			</Transaction>
		</Journal>
		<Journal>
			<JournalID>00022</JournalID>
			<Description>Vendas - CL</Description>
				<Transaction>
				<TransactionID>2019-05-31 00022 50001</TransactionID>
				<Period>5</Period>
				<TransactionDate>2019-01-16</TransactionDate>
				<SourceID>estg</SourceID>
				<Description>FA N. 1/A</Description>
				<DocArchivalNumber>50001</DocArchivalNumber>
				<TransactionType>N</TransactionType>
				<GLPostingDate>2019-05-31</GLPostingDate>
				<CustomerID>504727060_C</CustomerID>
				<Product>
					<ProductCode>M4.2</ProductCode>
					<ProductQty>5</ProductQty>
				</Product>
				<Lines>
					<CreditLine>
						<RecordID>1</RecordID>
						<AccountID>131</AccountID>
						<SourceDocumentID>FA A/1</SourceDocumentID>
						<SystemEntryDate>2019-05-31T18:05:29</SystemEntryDate>
						<Description>FA N. 1/A</Description>
						<CreditAmount>21525.00</CreditAmount>
					</CreditLine>
					<DebitLine>
						<RecordID>2</RecordID>
						<AccountID>21110007</AccountID>
						<SourceDocumentID>FA A/1</SourceDocumentID>
						<SystemEntryDate>2019-05-31T18:05:29</SystemEntryDate>
						<Description>FA N. 1/A</Description>
						<DebitAmount>21525.00</DebitAmount>
					</DebitLine>
				</Lines>
			</Transaction>
			<Transaction>
				<TransactionID>2019-05-31 00022 50002</TransactionID>
				<Period>5</Period>
				<TransactionDate>2019-01-17</TransactionDate>
				<SourceID>estg</SourceID>
				<Description>FA N. 2/A</Description>
				<DocArchivalNumber>50002</DocArchivalNumber>
				<TransactionType>N</TransactionType>
				<GLPostingDate>2019-05-31</GLPostingDate>
				<CustomerID>501082522_C</CustomerID>
				<Product>
					<ProductCode>M1.1</ProductCode>
						<ProductQty>5</ProductQty>
					<ProductCode>M1.2</ProductCode>
						<ProductQty>5</ProductQty>
				</Product>
				<Lines>
					<CreditLine>
						<RecordID>1</RecordID>
						<AccountID>131</AccountID>
						<SourceDocumentID>FA A/2</SourceDocumentID>
						<SystemEntryDate>2019-05-31T18:08:02</SystemEntryDate>
						<Description>FA N. 2/A</Description>
						<CreditAmount>20295.00</CreditAmount>
					</CreditLine>
					<DebitLine>
						<RecordID>2</RecordID>
						<AccountID>21110005</AccountID>
						<SourceDocumentID>FA A/2</SourceDocumentID>
						<SystemEntryDate>2019-05-31T18:08:02</SystemEntryDate>
						<Description>FA N. 2/A</Description>
						<DebitAmount>20295.00</DebitAmount>
					</DebitLine>
				</Lines>
			</Transaction>
			<Transaction>
				<TransactionID>2019-05-31 00022 50003</TransactionID>
				<Period>5</Period>
				<TransactionDate>2019-02-01</TransactionDate>
				<SourceID>estg</SourceID>
				<Description>FA N. 3/A</Description>
				<DocArchivalNumber>50003</DocArchivalNumber>
				<TransactionType>N</TransactionType>
				<GLPostingDate>2019-05-31</GLPostingDate>
				<CustomerID>501413197_C</CustomerID>
				<Product>
					<ProductCode>M2.1</ProductCode>
						<ProductQty>10</ProductQty>
					<ProductCode>M3.1</ProductCode>
						<ProductQty>1</ProductQty>
				</Product>
				<Lines>
					<CreditLine>
						<RecordID>1</RecordID>
						<AccountID>131</AccountID>
						<SourceDocumentID>FA A/3</SourceDocumentID>
						<SystemEntryDate>2019-05-31T18:11:13</SystemEntryDate>
						<Description>FA N. 3/A</Description>
						<CreditAmount>27060.00</CreditAmount>
					</CreditLine>
					<DebitLine>
						<RecordID>2</RecordID>
						<AccountID>21110001</AccountID>
						<SourceDocumentID>FA 3/1</SourceDocumentID>
						<SystemEntryDate>2019-05-31T18:11:13</SystemEntryDate>
						<Description>FA N. 3/A</Description>
						<DebitAmount>27060.00</DebitAmount>
					</DebitLine>
				</Lines>
			</Transaction>
			<Transaction>
				<TransactionID>2019-05-31 00022 50004</TransactionID>
				<Period>5</Period>
				<TransactionDate>2019-02-01</TransactionDate>
				<SourceID>estg</SourceID>
				<Description>FA N. 4/A</Description>
				<DocArchivalNumber>50004</DocArchivalNumber>
				<TransactionType>N</TransactionType>
				<GLPostingDate>2019-05-31</GLPostingDate>
				<CustomerID>501617582_C</CustomerID>
				<Product>
					<ProductCode>M4.1</ProductCode>
						<ProductQty>3</ProductQty>
				</Product>
				<Lines>
					<CreditLine>
						<RecordID>1</RecordID>
						<AccountID>131</AccountID>
						<SourceDocumentID>FA A/4</SourceDocumentID>
						<SystemEntryDate>2019-05-31T18:17:31</SystemEntryDate>
						<Description>FA N. 4/A</Description>
						<CreditAmount>12915.00</CreditAmount>
					</CreditLine>
					<DebitLine>
						<RecordID>2</RecordID>
						<AccountID>21110003</AccountID>
						<SourceDocumentID>FA A/4</SourceDocumentID>
						<SystemEntryDate>2019-05-31T18:17:31</SystemEntryDate>
						<Description>FA N. 4/A</Description>
						<DebitAmount>12915.00</DebitAmount>
					</DebitLine>
				</Lines>
			</Transaction>
			<Transaction>
				<TransactionID>2019-05-31 00022 50005</TransactionID>
				<Period>5</Period>
				<TransactionDate>2019-02-14</TransactionDate>
				<SourceID>estg</SourceID>
				<Description>FA N. 5/A</Description>
				<DocArchivalNumber>50005</DocArchivalNumber>
				<TransactionType>N</TransactionType>
				<GLPostingDate>2019-05-31</GLPostingDate>
				<CustomerID>508123585_C</CustomerID>
				<Product>
					<ProductCode>M1.1</ProductCode>
						<ProductQty>10</ProductQty>
				</Product>
				<Lines>
					<CreditLine>
						<RecordID>1</RecordID>
						<AccountID>131</AccountID>
						<SourceDocumentID>FA A/5</SourceDocumentID>
						<SystemEntryDate>2019-05-31T18:20:50</SystemEntryDate>
						<Description>FA N. 5/A</Description>
						<CreditAmount>20295.00</CreditAmount>
					</CreditLine>
					<DebitLine>
						<RecordID>2</RecordID>
						<AccountID>21110008</AccountID>
						<SourceDocumentID>FA A/5</SourceDocumentID>
						<SystemEntryDate>2019-05-31T18:20:50</SystemEntryDate>
						<Description>FA N. 5/A</Description>
						<DebitAmount>20295.00</DebitAmount>
					</DebitLine>
				</Lines>
			</Transaction>
			<Transaction>
				<TransactionID>2019-05-31 00022 50006</TransactionID>
				<Period>5</Period>
				<TransactionDate>2019-02-26</TransactionDate>
				<SourceID>estg</SourceID>
				<Description>FA N. 6/A</Description>
				<DocArchivalNumber>50006</DocArchivalNumber>
				<TransactionType>N</TransactionType>
				<GLPostingDate>2019-05-31</GLPostingDate>
				<CustomerID>510070833_C</CustomerID>
				<Product>
					<ProductCode>M2.1</ProductCode>
						<ProductQty>15</ProductQty>
				</Product>
				<Lines>
					<CreditLine>
						<RecordID>1</RecordID>
						<AccountID>131</AccountID>
						<SourceDocumentID>FA A/6</SourceDocumentID>
						<SystemEntryDate>2019-05-31T18:24:41</SystemEntryDate>
						<Description>FA N. 6/A</Description>
						<CreditAmount>35055.00</CreditAmount>
					</CreditLine>
					<DebitLine>
						<RecordID>2</RecordID>
						<AccountID>21110006</AccountID>
						<SourceDocumentID>FA A/6</SourceDocumentID>
						<SystemEntryDate>2019-05-31T18:24:41</SystemEntryDate>
						<Description>FA N. 6/A</Description>
						<DebitAmount>35055.00</DebitAmount>
					</DebitLine>
				</Lines>
			</Transaction>
			<Transaction>
				<TransactionID>2019-05-31 00022 50007</TransactionID>
				<Period>5</Period>
				<TransactionDate>2019-03-02</TransactionDate>
				<SourceID>estg</SourceID>
				<Description>FA N. 7/A</Description>
				<DocArchivalNumber>50007</DocArchivalNumber>
				<TransactionType>N</TransactionType>
				<GLPostingDate>2019-05-31</GLPostingDate>
				<CustomerID>ES524229770_C</CustomerID>
				<Product>
					<ProductCode>M1.1</ProductCode>
						<ProductQty>5</ProductQty>
					<ProductCode>M1.2</ProductCode>
						<ProductQty>10</ProductQty>
					<ProductCode>M3.1</ProductCode>
						<ProductQty>5</ProductQty>
				</Product>
				<Lines>
					<CreditLine>
						<RecordID>1</RecordID>
						<AccountID>131</AccountID>
						<SourceDocumentID>FA A/7</SourceDocumentID>
						<SystemEntryDate>2019-05-31T18:29:00</SystemEntryDate>
						<Description>FA N. 7/A</Description>
						<CreditAmount>48892.50</CreditAmount>
					</CreditLine>
					<DebitLine>
						<RecordID>2</RecordID>
						<AccountID>21130010</AccountID>
						<SourceDocumentID>FA A/7</SourceDocumentID>
						<SystemEntryDate>2019-05-31T18:29:00</SystemEntryDate>
						<Description>FA N. 7/A</Description>
						<DebitAmount>48892.50</DebitAmount>
					</DebitLine>
				</Lines>
			</Transaction>
			<Transaction>
				<TransactionID>2019-05-31 00022 50008</TransactionID>
				<Period>5</Period>
				<TransactionDate>2019-03-15</TransactionDate>
				<SourceID>estg</SourceID>
				<Description>FA N. 8/A</Description>
				<DocArchivalNumber>50008</DocArchivalNumber>
				<TransactionType>N</TransactionType>
				<GLPostingDate>2019-05-31</GLPostingDate>
				<CustomerID>504606251_C</CustomerID>
				<Product>
					<ProductCode>M4.2</ProductCode>
						<ProductQty>10</ProductQty>
				</Product>
				<Lines>
					<CreditLine>
						<RecordID>1</RecordID>
						<AccountID>131</AccountID>
						<SourceDocumentID>FA A/8</SourceDocumentID>
						<SystemEntryDate>2019-05-31T18:31:44</SystemEntryDate>
						<Description>FA N. 8/A</Description>
						<CreditAmount>43050.00</CreditAmount>
					</CreditLine>
					<DebitLine>
						<RecordID>2</RecordID>
						<AccountID>21110002</AccountID>
						<SourceDocumentID>FA A/8</SourceDocumentID>
						<SystemEntryDate>2019-05-31T18:31:44</SystemEntryDate>
						<Description>FA N. 8/A</Description>
						<DebitAmount>43050.00</DebitAmount>
					</DebitLine>
				</Lines>
			</Transaction>
			<Transaction>
				<TransactionID>2019-05-31 00022 50009</TransactionID>
				<Period>5</Period>
				<TransactionDate>2019-03-20</TransactionDate>
				<SourceID>estg</SourceID>
				<Description>FA N. 9/A</Description>
				<DocArchivalNumber>50009</DocArchivalNumber>
				<TransactionType>N</TransactionType>
				<GLPostingDate>2019-05-31</GLPostingDate>
				<CustomerID>501082522_C</CustomerID>
				<Product>
					<ProductCode>M1.1</ProductCode>
						<ProductQty>5</ProductQty>
				</Product>
				<Lines>
					<CreditLine>
						<RecordID>1</RecordID>
						<AccountID>131</AccountID>
						<SourceDocumentID>FA A/9</SourceDocumentID>
						<SystemEntryDate>2019-05-31T18:36:16</SystemEntryDate>
						<Description>FA N. 9/A</Description>
						<CreditAmount>10147.50</CreditAmount>
					</CreditLine>
					<DebitLine>
						<RecordID>2</RecordID>
						<AccountID>21110005</AccountID>
						<SourceDocumentID>FA A/9</SourceDocumentID>
						<SystemEntryDate>2019-05-31T18:36:16</SystemEntryDate>
						<Description>FA N. 9/A</Description>
						<DebitAmount>10147.50</DebitAmount>
					</DebitLine>
				</Lines>
			</Transaction>
			<Transaction>
				<TransactionID>2019-05-31 00022 50010</TransactionID>
				<Period>5</Period>
				<TransactionDate>2019-03-21</TransactionDate>
				<SourceID>estg</SourceID>
				<Description>FA N. 10/A</Description>
				<DocArchivalNumber>50010</DocArchivalNumber>
				<TransactionType>N</TransactionType>
				<GLPostingDate>2019-05-31</GLPostingDate>
				<CustomerID>504606251_C</CustomerID>
				<Product>
					<ProductCode>M4.2</ProductCode>
						<ProductQty>2</ProductQty>
				</Product>
				<Lines>
					<CreditLine>
						<RecordID>1</RecordID>
						<AccountID>131</AccountID>
						<SourceDocumentID>FA A/10</SourceDocumentID>
						<SystemEntryDate>2019-05-31T18:41:27</SystemEntryDate>
						<Description>FA N. 10/A</Description>
						<CreditAmount>8610.00</CreditAmount>
					</CreditLine>
					<DebitLine>
						<RecordID>2</RecordID>
						<AccountID>21110002</AccountID>
						<SourceDocumentID>FA A/10</SourceDocumentID>
						<SystemEntryDate>2019-05-31T18:41:27</SystemEntryDate>
						<Description>FA N. 10/A</Description>
						<DebitAmount>8610.00</DebitAmount>
					</DebitLine>
				</Lines>
			</Transaction>
			<Transaction>
				<TransactionID>2019-05-31 00022 50011</TransactionID>
				<Period>5</Period>
				<TransactionDate>2019-04-12</TransactionDate>
				<SourceID>estg</SourceID>
				<Description>FA N. 11/A</Description>
				<DocArchivalNumber>50011</DocArchivalNumber>
				<TransactionType>N</TransactionType>
				<GLPostingDate>2019-05-31</GLPostingDate>
				<CustomerID>515107468_C</CustomerID>
				<Product>
					<ProductCode>M3.2</ProductCode>
					<ProductQty>2</ProductQty>
				</Product>
				<Lines>
					<CreditLine>
						<RecordID>1</RecordID>
						<AccountID>131</AccountID>
						<SourceDocumentID>FA A/11</SourceDocumentID>
						<SystemEntryDate>2019-05-31T18:44:49</SystemEntryDate>
						<Description>FA N. 11/A</Description>
						<CreditAmount>7380.00</CreditAmount>
					</CreditLine>
					<DebitLine>
						<RecordID>2</RecordID>
						<AccountID>21110009</AccountID>
						<SourceDocumentID>FA A/11</SourceDocumentID>
						<SystemEntryDate>2019-05-31T18:44:49</SystemEntryDate>
						<Description>FA N. 11/A</Description>
						<DebitAmount>7380.00</DebitAmount>
					</DebitLine>
				</Lines>
			</Transaction>
			<Transaction>
				<TransactionID>2019-05-31 00022 50012</TransactionID>
				<Period>5</Period>
				<TransactionDate>2019-05-13</TransactionDate>
				<SourceID>estg</SourceID>
				<Description>FA N. 12/A</Description>
				<DocArchivalNumber>50012</DocArchivalNumber>
				<TransactionType>N</TransactionType>
				<GLPostingDate>2019-05-31</GLPostingDate>
				<CustomerID>502514531_C</CustomerID>
				<Product>
					<ProductCode>M3.1</ProductCode>
						<ProductQty>5</ProductQty>
					<ProductCode>M2.2</ProductCode>
						<ProductQty>20</ProductQty>
				</Product>
				<Lines>
					<CreditLine>
						<RecordID>1</RecordID>
						<AccountID>131</AccountID>
						<SourceDocumentID>FA A/12</SourceDocumentID>
						<SystemEntryDate>2019-05-31T18:51:32</SystemEntryDate>
						<Description>FA N. 12/A</Description>
						<CreditAmount>65190.00</CreditAmount>
					</CreditLine>
					<DebitLine>
						<RecordID>2</RecordID>
						<AccountID>21110004</AccountID>
						<SourceDocumentID>FA A/12</SourceDocumentID>
						<SystemEntryDate>2019-05-31T18:51:32</SystemEntryDate>
						<Description>FA N. 12/A</Description>
						<DebitAmount>65190.00</DebitAmount>
					</DebitLine>
				</Lines>
			</Transaction>
		</Journal>
	</GeneralLedgerEntries>
	<SourceDocuments/>
</AuditFile>
